03300000         2020931540001090033418800490169580200009 0000130069341 COOPLUIZA - FRANCA -SP        SANTANDER (BRASIL) S.A.                 11103202615052200000106000000                                                                     
03300011C2001031 2020931540001090033418800490169580200009 0000130069341 COOPLUIZA - FRANCA -SP                                                RUA DO COMERCIO               000002  Andar       FRANCA              14400660SP                  
0330001300001A0000093410000100000019000121 GABRIEL                       0000000000030956798011032026BRL000000000000000000000000030000                    00000000000000000000000                                                    0          
0330001300002B05 100045584322830                              00000                                                  00000000  110320260000000000300000000000000000000000000000000000000000000000000000000000000000000           00000          
03300015         000004000000000000030000000000000000000000                                                                                                                                                                                     
03399999         000001000006                                                                                                                                                                                                                   
