03300000         2020931540001090033418800490169580200009 0000130069341 COOPLUIZA - FRANCA -SP        SANTANDER (BRASIL) S.A.                 11203202611043200000306000000                                                                     
03300011C2001031 2020931540001090033418800490169580200009 0000130069341 COOPLUIZA - FRANCA -SP                                                RUA DO COMERCIO               000002  Andar       FRANCA              14400660SP                  
0330001300001A0000090010003600000130069321 MARIA                         0000000000002131231212032026BRL000000000000000000000000005000                    00000000000000000000000                                                    0          
0330001300002B05 100033444444444                              00000                                                  00000000  120320260000000000050000000000000000000000000000000000000000000000000000000000000000000           00000          
03300015         000004000000000000005000000000000000000000                                                                                                                                                                                     
03399999         000001000006                                                                                                                                                                                                                   
