03300000         2020931540001090033418800490169580200009 0000130069341 COOPLUIZA - FRANCA -SP        SANTANDER (BRASIL) S.A.                 11103202616024600000206000000                                                                     
03300011C2001031 2020931540001090033418800490169580200009 0000130069341 COOPLUIZA - FRANCA -SP                                                RUA DO COMERCIO               000002  Andar       FRANCA              14400660SP                  
0330001300001A0000093410764900000000629875 MICHELLE MARCIANO PINTO       0000000003097962400011032026BRL000000000000000000000000031000                    00000000000000000000000                                                    0          
0330001300002B05 100043473771856                              00000                                                  00000000  110320260000000000310000000000000000000000000000000000000000000000000000000000000000000           00000          
0330001300003A0000093410079600000000926343 JESSICA PEREIRA DA SILVA      0000000003097962500011032026BRL000000000000000000000000223000                    00000000000000000000000                                                    0          
0330001300004B05 100044714960857                              00000                                                  00000000  110320260000000002230000000000000000000000000000000000000000000000000000000000000000000           00000          
0330001300005A0000092600000100000603817254 DIOGO RANGEL MENDES NOLASCO   0000000003097962700011032026BRL000000000000000000000000100000                    00000000000000000000000                                                    0          
0330001300006B05 100009376802144                              00000                                                  00000000  110320260000000001000000000000000000000000000000000000000000000000000000000000000000000           00000          
0330001300007A0000093410661200000000688173 RAFAEL FREITAS RIBEIRO        0000000003097962900011032026BRL000000000000000000000000250000                    00000000000000000000000                                                    0          
0330001300008B05 100056618536880                              00000                                                  00000000  110320260000000002500000000000000000000000000000000000000000000000000000000000000000000           00000          
0330001300009A0000093410004000000000179558 EVANILSON BARBOSA MARINHO     0000000003097961600011032026BRL000000000000000000000000240000                    00000000000000000000000                                                    0          
0330001300010B05 100000937244201                              00000                                                  00000000  110320260000000002400000000000000000000000000000000000000000000000000000000000000000000           00000          
0330001300011A0000092600000100000326267887 BRENDA MONIQUY FERREIRA       0000000003097957700011032026BRL000000000000000000000000054000                    00000000000000000000000                                                    0          
0330001300012B05 100050118963821                              00000                                                  00000000  110320260000000000540000000000000000000000000000000000000000000000000000000000000000000           00000          
0330001300013A0000093360000100000053390580 CARLA LETICIA DO ESPIRITO SANT0000000003097961800011032026BRL000000000000000000000000050000                    00000000000000000000000                                                    0          
0330001300014B05 100004828357297                              00000                                                  00000000  110320260000000000500000000000000000000000000000000000000000000000000000000000000000000           00000          
0330001300015A0000090330251600000010000331 LUCAS DA CONCEICAO SANTANA    0000000003097962200011032026BRL000000000000000000000000030000                    00000000000000000000000                                                    0          
0330001300016B05 100085986396561                              00000                                                  00000000  110320260000000000300000000000000000000000000000000000000000000000000000000000000000000           00000          
0330001300017A0000093410483100000000299435 RAFAEL VICTOR ALVES DE CARVALH0000000003097962600011032026BRL000000000000000000000000100000                    00000000000000000000000                                                    0          
0330001300018B05 100017260479701                              00000                                                  00000000  110320260000000001000000000000000000000000000000000000000000000000000000000000000000000           00000          
0330001300019A0000093410654300000000683103 RAFAEL SANTOS SANTANA         0000000003097962800011032026BRL000000000000000000000000055000                    00000000000000000000000                                                    0          
0330001300020B05 100086282722594                              00000                                                  00000000  110320260000000000550000000000000000000000000000000000000000000000000000000000000000000           00000          
0330001300021A0000092600000100000154875815 MARCEL ISSA BAKRI QADAN       0000000003097958000011032026BRL000000000000000000000000100000                    00000000000000000000000                                                    0          
0330001300022B05 100001913130096                              00000                                                  00000000  110320260000000001000000000000000000000000000000000000000000000000000000000000000000000           00000          
0330001300023A0000092600000100000076256450 ANTONIO ERMERSON MAGALHAES FRA0000000003097958100011032026BRL000000000000000000000000030000                    00000000000000000000000                                                    0          
0330001300024B05 100007396947316                              00000                                                  00000000  110320260000000000300000000000000000000000000000000000000000000000000000000000000000000           00000          
0330001300025A0000093410737700000000329169 BRUNO SOARES DA COSTA         0000000003097958300011032026BRL000000000000000000000000050000                    00000000000000000000000                                                    0          
0330001300026B05 100040348505825                              00000                                                  00000000  110320260000000000500000000000000000000000000000000000000000000000000000000000000000000           00000          
0330001300027A0000093410880500000000491530 DIEGO EDUARDO FREITAS         0000000003097958400011032026BRL000000000000000000000000400000                    00000000000000000000000                                                    0          
0330001300028B05 100000744471303                              00000                                                  00000000  110320260000000004000000000000000000000000000000000000000000000000000000000000000000000           00000          
0330001300029A0000093410724700000000327211 JANAILTON DA SILVA PRUDENCIO  0000000003097959100011032026BRL000000000000000000000000300000                    00000000000000000000000                                                    0          
0330001300030B05 100005410572270                              00000                                                  00000000  110320260000000003000000000000000000000000000000000000000000000000000000000000000000000           00000          
0330001300031A0000092600000100000099625995 GILLIARD JAIME DE OLIVEIRA    0000000003097959200011032026BRL000000000000000000000000150000                    00000000000000000000000                                                    0          
0330001300032B05 100001021606359                              00000                                                  00000000  110320260000000001500000000000000000000000000000000000000000000000000000000000000000000           00000          
0330001300033A0000093410422500000000326067 BRUNIA ROGERIA DE SOUZA PIRES 0000000003097959300011032026BRL000000000000000000000000370000                    00000000000000000000000                                                    0          
0330001300034B05 100003426469669                              00000                                                  00000000  110320260000000003700000000000000000000000000000000000000000000000000000000000000000000           00000          
0330001300035A0000092600000100000055652729 NATALIA DE JESUS RODRIGUES FER0000000003097959400011032026BRL000000000000000000000000300000                    00000000000000000000000                                                    0          
0330001300036B05 100013690271762                              00000                                                  00000000  110320260000000003000000000000000000000000000000000000000000000000000000000000000000000           00000          
0330001300037A0000093410771800000002121811 ALEXSANDRA VASCONCELOS ARAUJO 0000000003097959600011032026BRL000000000000000000000000090000                    00000000000000000000000                                                    0          
0330001300038B05 100076590224587                              00000                                                  00000000  110320260000000000900000000000000000000000000000000000000000000000000000000000000000000           00000          
0330001300039A0000092600000100000244769205 DIEGO DA COSTA SILVA          0000000003097960300011032026BRL000000000000000000000000210000                    00000000000000000000000                                                    0          
0330001300040B05 100009772445395                              00000                                                  00000000  110320260000000002100000000000000000000000000000000000000000000000000000000000000000000           00000          
0330001300041A0000093410781100000000421184 JESSIKA ROCHA SANTOS          0000000003097960400011032026BRL000000000000000000000000250000                    00000000000000000000000                                                    0          
0330001300042B05 100005263871570                              00000                                                  00000000  110320260000000002500000000000000000000000000000000000000000000000000000000000000000000           00000          
0330001300043A0000092600000100000029659606 ICARO VIRGINIO ESMERINDO DE AR0000000003097960800011032026BRL000000000000000000000000200000                    00000000000000000000000                                                    0          
0330001300044B05 100070728549409                              00000                                                  00000000  110320260000000002000000000000000000000000000000000000000000000000000000000000000000000           00000          
0330001300045A0000092600000100000142613503 MATEUS TEIXEIRA MACEDO        0000000003097963300011032026BRL000000000000000000000000040000                    00000000000000000000000                                                    0          
0330001300046B05 100004446706020                              00000                                                  00000000  110320260000000000400000000000000000000000000000000000000000000000000000000000000000000           00000          
0330001300047A0000093410809200000000543290 ALEXSSANDER RODRIGO SOARES    0000000003097961400011032026BRL000000000000000000000000250000                    00000000000000000000000                                                    0          
0330001300048B05 100009754205930                              00000                                                  00000000  110320260000000002500000000000000000000000000000000000000000000000000000000000000000000           00000          
0330001300049A0000090330343100000010962289 GISLEI DO NASCIMENTO          0000000003097961500011032026BRL000000000000000000000000500000                    00000000000000000000000                                                    0          
0330001300050B05 100022352391881                              00000                                                  00000000  110320260000000005000000000000000000000000000000000000000000000000000000000000000000000           00000          
0330001300051A0000093410668500000000223395 MAYCON DOGLAS FERNANDES SOARES0000000003097957900011032026BRL000000000000000000000000150000                    00000000000000000000000                                                    0          
0330001300052B05 100007712296405                              00000                                                  00000000  110320260000000001500000000000000000000000000000000000000000000000000000000000000000000           00000          
0330001300053A0000091040003200013003137739 PEDRO PEREIRA GALVAO          0000000003097957400011032026BRL000000000000000000000000060000                    00000000000000000000000                                                    0          
0330001300054B05 100052593053372                              00000                                                  00000000  110320260000000000600000000000000000000000000000000000000000000000000000000000000000000           00000          
0330001300055A0000090330417600000010012107 ELOISA JANUARIO ALVIM PARREIRA0000000003097957600011032026BRL000000000000000000000000730000                    00000000000000000000000                                                    0          
0330001300056B05 100085584444120                              00000                                                  00000000  110320260000000007300000000000000000000000000000000000000000000000000000000000000000000           00000          
0330001300057A0000093410694800000000242455 WESLEY ALBUQUERQUE DE ALMEIDA 0000000003097958200011032026BRL000000000000000000000000200000                    00000000000000000000000                                                    0          
0330001300058B05 100014472714752                              00000                                                  00000000  110320260000000002000000000000000000000000000000000000000000000000000000000000000000000           00000          
03300015         000060000000000005513000000000000000000000                                                                                                                                                                                     
03399999         000001000062                                                                                                                                                                                                                   
